@article{Abbott2020,
  doi = {10.12688/wellcomeopenres.16006.2},
  url = {https://doi.org/10.12688/wellcomeopenres.16006.2},
  year = {2020},
  month = dec,
  publisher = {F1000 Research Ltd},
  volume = {5},
  pages = {112},
  author = {Sam Abbott and Joel Hellewell and Robin N. Thompson and Katharine Sherratt and Hamish P. Gibbs and Nikos I. Bosse and James D. Munday and Sophie Meakin and Emma L. Doughty and June Young Chun and Yung-Wai Desmond Chan and Flavio Finger and Paul Campbell and Akira Endo and Carl A. B. Pearson and Amy Gimma and Tim Russell and Stefan Flasche and Adam J. Kucharski and Rosalind M. Eggo and Sebastian Funk and},
  title = {Estimating the time-varying reproduction number of {SARS}-{CoV}-2 using national and subnational case counts},
  journal = {Wellcome Open Research}
}

@article{Bates2015,
  doi = {10.18637/jss.v067.i01},
  url = {https://doi.org/10.18637/jss.v067.i01},
  year = {2015},
  publisher = {Foundation for Open Access Statistic},
  volume = {67},
  number = {1},
  author = {Douglas Bates and Martin M\"{a}chler and Ben Bolker and Steve Walker},
  title = {Fitting Linear Mixed-Effects Models Usinglme4},
  journal = {Journal of Statistical Software}
}

@article{Bellman1948,
  doi = {10.1073/pnas.34.12.601},
  url = {https://doi.org/10.1073/pnas.34.12.601},
  year = {1948},
  month = dec,
  publisher = {Proceedings of the National Academy of Sciences},
  volume = {34},
  number = {12},
  pages = {601--604},
  author = {R. Bellman and T. E. Harris},
  title = {On the Theory of Age-Dependent Stochastic Branching Processes},
  journal = {Proceedings of the National Academy of Sciences}
}

@article{bezanson2017julia,
  title={Julia: A fresh approach to numerical computing},
  author={Bezanson, Jeff and Edelman, Alan and Karpinski, Stefan and Shah, Viral B},
  journal={SIAM review},
  volume={59},
  number={1},
  pages={65--98},
  year={2017},
  publisher={SIAM},
  url={https://doi.org/10.1137/141000671}
}

@article{carpenter2017stan,
title={Stan: A probabilistic programming language},
author={Carpenter, Bob and Gelman, Andrew and Hoffman, Matthew D and Lee, Daniel and Goodrich, Ben and Betancourt, Michael and Brubaker, Marcus and Guo, Jiqiang and Li, Peter and Riddell, Allen},
journal={Journal of statistical software},
volume={76},
number={1},
year={2017},
publisher={Columbia Univ., New York, NY (United States); Harvard Univ., Cambridge, MA (United States)}
}

@article{Champredon2018,
  doi = {10.1137/18m1186411},
  url = {https://doi.org/10.1137/18m1186411},
  year = {2018},
  month = jan,
  publisher = {Society for Industrial {\&} Applied Mathematics ({SIAM})},
  volume = {78},
  number = {6},
  pages = {3258--3278},
  author = {David Champredon and Jonathan Dushoff and David J. D. Earn},
  title = {Equivalence of the Erlang-Distributed {SEIR} Epidemic Model and the Renewal Equation},
  journal = {{SIAM} Journal on Applied Mathematics}
}

@article{Cheng2021,
  doi = {10.1186/s40249-021-00901-9},
  url = {https://doi.org/10.1186/s40249-021-00901-9},
  year = {2021},
  month = sep,
  publisher = {Springer Science and Business Media {LLC}},
  volume = {10},
  number = {1},
  author = {Cheng Cheng and DongDong Zhang and Dejian Dang and Juan Geng and Peiyu Zhu and Mingzhu Yuan and Ruonan Liang and Haiyan Yang and Yuefei Jin and Jing Xie and Shuaiyin Chen and Guangcai Duan},
  title = {The incubation period of {COVID}-19: a global meta-analysis of 53 studies and a Chinese observation study of 11 545 patients},
  journal = {Infectious Diseases of Poverty}
}

@article{Cori2013,
  doi = {10.1093/aje/kwt133},
  url = {https://doi.org/10.1093/aje/kwt133},
  year = {2013},
  month = sep,
  publisher = {Oxford University Press ({OUP})},
  volume = {178},
  number = {9},
  pages = {1505--1512},
  author = {Anne Cori and Neil M. Ferguson and Christophe Fraser and Simon Cauchemez},
  title = {A New Framework and Software to Estimate Time-Varying Reproduction Numbers During Epidemics},
  journal = {American Journal of Epidemiology}
}

@article{Faulkner2018,
  doi = {10.1214/17-ba1050},
  url = {https://doi.org/10.1214/17-ba1050},
  year = {2018},
  month = mar,
  publisher = {Institute of Mathematical Statistics},
  volume = {13},
  number = {1},
  author = {James R. Faulkner and Vladimir N. Minin},
  title = {Locally Adaptive Smoothing with Markov Random Fields and Shrinkage Priors},
  journal = {Bayesian Analysis}
}

@article{Ganyani2020,
  doi = {10.2807/1560-7917.es.2020.25.17.2000257},
  url = {https://doi.org/10.2807/1560-7917.es.2020.25.17.2000257},
  year = {2020},
  month = apr,
  publisher = {European Centre for Disease Control and Prevention ({ECDC})},
  volume = {25},
  number = {17},
  author = {Tapiwa Ganyani and C{\'{e}}cile Kremer and Dongxuan Chen and Andrea Torneri and Christel Faes and Jacco Wallinga and Niel Hens},
  title = {Estimating the generation interval for coronavirus disease ({COVID}-19) based on symptom onset data,  March 2020},
  journal = {Eurosurveillance}
}

@article{Gibson2020,
  doi = {10.1101/2020.12.22.20248736},
  url = {https://doi.org/10.1101/2020.12.22.20248736},
  year = {2020},
  month = dec,
  publisher = {Cold Spring Harbor Laboratory},
  author = {Graham C. Gibson and Nicholas G. Reich and Daniel Sheldon},
  title = {{REAL}-{TIME} {MECHANISTIC} {BAYESIAN} {FORECASTS} {OF} {COVID}-19 {MORTALITY}}
}

@misc{hoffman2011nouturn,
      title={The No-U-Turn Sampler: Adaptively Setting Path Lengths in Hamiltonian Monte Carlo}, 
      author={Matthew D. Hoffman and Andrew Gelman},
      year={2011},
      eprint={1111.4246},
      archivePrefix={arXiv},
      primaryClass={stat.CO}
}

@article{Ito2021,
   author = "Ito, Kimihito and Piantham, Chayada and Nishiura, Hiroshi",
   title = "Predicted dominance of variant Delta of SARS-CoV-2 before Tokyo Olympic Games, Japan, July 2021",
   journal = "Eurosurveillance",
   year = "2021",
   volume = "26",
   number = "27", 
   eid = 2100570,
   pages = "",
   url = "https://www.eurosurveillance.org/content/10.2807/1560-7917.ES.2021.26.27.2100570",
   doi = "https://doi.org/10.2807/1560-7917.ES.2021.26.27.2100570" 
}

@Manual{RLang2017,
     title = {R: A Language and Environment for Statistical Computing},
     author = {{R Core Team}},
     organization = {R Foundation for Statistical Computing},
     address = {Vienna, Austria},
     year = {2017},
     url = {https://www.R-project.org/},
}

@article{Wallinga2006,
  doi = {10.1098/rspb.2006.3754},
  url = {https://doi.org/10.1098/rspb.2006.3754},
  year = {2006},
  month = nov,
  publisher = {The Royal Society},
  volume = {274},
  number = {1609},
  pages = {599--604},
  author = {J Wallinga and M Lipsitch},
  title = {How generation intervals shape the relationship between growth rates and reproductive numbers},
  journal = {Proceedings of the Royal Society B: Biological Sciences}
}
